@ARTICLE{madau2004effect,
   author = {{Madau}, P. and {Quataert}, E.},
    title = "{The Effect of Gravitational-Wave Recoil on the Demography of Massive Black Holes}",
  journal = {\apjl},
   eprint = {astro-ph/0403295},
 keywords = {Black Hole Physics, Cosmology: Theory, Galaxies: Nuclei, Stellar Dynamics},
     year = 2004,
    month = may,
   volume = 606,
    pages = {L17-L20},
      doi = {10.1086/421017},
   adsurl = {http://adsabs.harvard.edu/abs/2004ApJ...606L..17M},
  adsnote = {Provided by the SAO/NASA Astrophysics Data System}
}

@book{binney2011galactic,
  title={Galactic dynamics},
  author={Binney, James and Tremaine, Scott},
  volume={20},
  year={2011},
  publisher={Princeton university press}
}
@ARTICLE{2008ApJ...678..780G,
   author = {{Gualandris}, A. and {Merritt}, D.},
    title = "{Ejection of Supermassive Black Holes from Galaxy Cores}",
  journal = {\apj},
archivePrefix = "arXiv",
   eprint = {0708.0771},
 keywords = {galaxies: nuclei, stellar dynamics},
     year = 2008,
    month = may,
   volume = 678,
    pages = {780-797},
      doi = {10.1086/586877},
   adsurl = {http://adsabs.harvard.edu/abs/2008ApJ...678..780G},
  adsnote = {Provided by the SAO/NASA Astrophysics Data System}
}

@ARTICLE{2011MNRAS.412.2154B,
   author = {{Blecha}, L. and {Cox}, T.~J. and {Loeb}, A. and {Hernquist}, L.
	},
    title = "{Recoiling black holes in merging galaxies: relationship to active galactic nucleus lifetimes, starbursts and the M$_{BH}$-{$\sigma$}$_{*}$ relation}",
  journal = {\mnras},
archivePrefix = "arXiv",
   eprint = {1009.4940},
 keywords = {accretion, accretion discs, black hole physics, gravitational waves, galaxies: active, galaxies: evolution, galaxies: kinematics and dynamics},
     year = 2011,
    month = apr,
   volume = 412,
    pages = {2154-2182},
      doi = {10.1111/j.1365-2966.2010.18042.x},
   adsurl = {http://adsabs.harvard.edu/abs/2011MNRAS.412.2154B},
  adsnote = {Provided by the SAO/NASA Astrophysics Data System}
}

@ARTICLE{tanaka2009assembly,
   author = {{Tanaka}, T. and {Haiman}, Z.},
    title = "{The Assembly of Supermassive Black Holes at High Redshifts}",
  journal = {\apj},
archivePrefix = "arXiv",
   eprint = {0807.4702},
 keywords = {accretion, accretion disks, black hole physics, cosmology: theory, galaxies: formation, quasars: general},
     year = 2009,
    month = may,
   volume = 696,
    pages = {1798-1822},
      doi = {10.1088/0004-637X/696/2/1798},
   adsurl = {http://adsabs.harvard.edu/abs/2009ApJ...696.1798T},
  adsnote = {Provided by the SAO/NASA Astrophysics Data System}
}

@ARTICLE{choksi2017recoiling,
   author = {{Choksi}, N. and {Behroozi}, P. and {Volonteri}, M. and {Schneider}, R. and 
	{Ma}, C.-P. and {Silk}, J. and {Moster}, B.},
    title = "{Recoiling supermassive black hole escape velocities from dark matter haloes}",
  journal = {\mnras},
archivePrefix = "arXiv",
   eprint = {1707.06220},
 keywords = {black hole physics, gravitational waves, quasars: supermassive black holes, early Universe, cosmology: theory},
     year = 2017,
    month = dec,
   volume = 472,
    pages = {1526-1537},
      doi = {10.1093/mnras/stx2113},
   adsurl = {http://adsabs.harvard.edu/abs/2017MNRAS.472.1526C},
  adsnote = {Provided by the SAO/NASA Astrophysics Data System}
}

